 
@misc{miles_skos_2009,
	title = {{SKOS} {Simple} {Knowledge} {Organization} {System} {Reference}: {W3C} recommendation 18 {August} 2009},
	shorttitle = {{SKOS} {Simple} {Knowledge} {Organization} {System} {Reference}},
	url = {http://www.w3.org/TR/skos-reference/},
	language = {en},
	publisher = {W3C},
	editor = {Miles, Alistair and Bechhofer, Sean},
	month = aug,
	year = {2009}
}

@article{janowicz_why_2015,
	title = {Why the {Data} {Train} {Needs} {Semantic} {Rails}},
	volume = {36},
	number = {1},
	journal = {AI Magazine},
	author = {Janowicz, Krzysztof and van Harmelen, Frank and Hendler, James A. and Hitzler, Pascal},
	year = {2015},
	pages = {5--14}
}

@article{stanojevic_cognitive_2009,
	title = {Cognitive synonymy: {A} general overview},
	volume = {7},
	shorttitle = {Cognitive synonymy},
	url = {https://www.ceeol.com/search/article-detail?id=268220},
	language = {en},
	number = {2},
	urldate = {2016-10-25},
	journal = {Linguistics and Literature},
	author = {Stanojević, Maja},
	year = {2009},
	pages = {193--200},
	file = {Stanojevic - Cognitive Synonymy (overview).pdf:C\:\\Users\\Sander\\AppData\\Roaming\\Zotero\\Zotero\\Profiles\\3x6x84zc.default\\zotero\\storage\\XMF2PXMS\\Stanojevic - Cognitive Synonymy (overview).pdf:application/pdf}
}

@misc{cimiano_lexicon_2016,
	title = {Lexicon {Model} for {Ontologies}: Community report, 10 {May} 2016},
	shorttitle = {Lexicon {Model} for {Ontologies}},
	url = {http://www.w3.org/2016/05/ontolex/},
	language = {en},
	publisher = {W3C},
	editor = {Cimiano, Philipp and McCrae, John P. and Buitelaar, Paul},
	month = may,
	year = {2016}
}

@incollection{brewer_labelling_2016,
	address = {Oxford},
	title = {Labelling and metalanguage},
	isbn = {978-0-19-969163-0},
	language = {en},
	booktitle = {The {Oxford} handbook of lexicography},
	publisher = {Oxford University Press},
	author = {Brewer, Charlotte},
	editor = {Durkin, Philip},
	year = {2016},
	pages = {488--500}
}

@article{ilson_historical_2011,
	title = {On the {Historical} {Thesaurus} of the {Oxford} {English} {Dictionary}},
	volume = {24},
	issn = {0950-3846, 1477-4577},
	url = {http://ijl.oxfordjournals.org/cgi/doi/10.1093/ijl/ecq032},
	doi = {10.1093/ijl/ecq032},
	language = {en},
	number = {2},
	urldate = {2016-10-25},
	journal = {International Journal of Lexicography},
	author = {Ilson, R. F.},
	month = jun,
	year = {2011},
	pages = {241--260},
	file = {Ilson.pdf:C\:\\Users\\Sander\\AppData\\Roaming\\Zotero\\Zotero\\Profiles\\3x6x84zc.default\\zotero\\storage\\ZDMAWEUJ\\Ilson.pdf:application/pdf}
}

@article{brewer_authority_2005,
	title = {Authority and personality in the {Oxford} {English} {Dictionary}},
	volume = {103},
	url = {http://oed.hertford.ox.ac.uk/main/images/stories/articles/brewer2005.pdf},
	number = {3},
	urldate = {2016-10-25},
	journal = {Transactions of the Philological Society},
	author = {Brewer, Charlotte},
	year = {2005},
	pages = {261--301},
	file = {Brewer - Authority and Personality in the OED.pdf:C\:\\Users\\Sander\\AppData\\Roaming\\Zotero\\Zotero\\Profiles\\3x6x84zc.default\\zotero\\storage\\ZI2GQC5P\\Brewer - Authority and Personality in the OED.pdf:application/pdf}
}

@article{ptaszynski_theoretical_2010,
	title = {Theoretical {Considerations} for the {Improvement} of {Usage} {Labelling} in {Dictionaries}: {A} {Combined} {Formal}-{Functional} {Approach}},
	volume = {23},
	issn = {0950-3846, 1477-4577},
	shorttitle = {Theoretical {Considerations} for the {Improvement} of {Usage} {Labelling} in {Dictionaries}},
	url = {http://ijl.oxfordjournals.org/cgi/doi/10.1093/ijl/ecq029},
	doi = {10.1093/ijl/ecq029},
	language = {en},
	number = {4},
	urldate = {2016-10-25},
	journal = {International Journal of Lexicography},
	author = {Ptaszynski, M. O.},
	month = dec,
	year = {2010},
	pages = {411--442},
	file = {Ptaszynski - Theoretical Considerations for the Improvement of Usage Labelling in Dictionaries.pdf:C\:\\Users\\Sander\\AppData\\Roaming\\Zotero\\Zotero\\Profiles\\3x6x84zc.default\\zotero\\storage\\JT8K6NNT\\Ptaszynski - Theoretical Considerations for the Improvement of Usage Labelling in Dictionaries.pdf:application/pdf}
}

@inproceedings{noauthor_notitle_nodate
}

@article{adamska-salaciak_c._2010,
	title = {C. {Kay}, {J}. {Roberts}, {M}. {Samuels} and {I}. {Wotherspoon} (eds.). 2009. \textit{{Historical} {Thesaurus} of the {Oxford} {English} {Dictionary}}. {Oxford}: {Oxford} {University} {Press}. xxxv+1783 pages (volume 1); ix+2109 pages (volume 2). {ISBN} 978-0-19-920899-9.},
	volume = {23},
	issn = {0950-3846, 1477-4577},
	shorttitle = {C. {Kay}, {J}. {Roberts}, {M}. {Samuels} and {I}. {Wotherspoon} (eds.). 2009. \textit{{Historical} {Thesaurus} of the {Oxford} {English} {Dictionary}}},
	url = {http://ijl.oxfordjournals.org/cgi/doi/10.1093/ijl/ecq010},
	doi = {10.1093/ijl/ecq010},
	language = {en},
	number = {2},
	urldate = {2016-10-25},
	journal = {International Journal of Lexicography},
	author = {Adamska-Sałaciak, Arleta},
	month = jun,
	year = {2010},
	pages = {227--233},
	file = {Adamska-Salaciak.pdf:C\:\\Users\\Sander\\AppData\\Roaming\\Zotero\\Zotero\\Profiles\\3x6x84zc.default\\zotero\\storage\\FVT42FDI\\Adamska-Salaciak.pdf:application/pdf}
}

@article{spencer_shakespeare_1995,
	title = {A {Shakespeare} {Thesaurus}. {By} {Marvin} {Spevack}. {Pp}. xxvi+542 ({Shakespeare} {Database}). {Hildesheim}: {Georg} {Olms} {AG}, 1993. {Cloth}, {DM} 98; paper, {DM} 39.80.},
	volume = {46},
	number = {182},
	journal = {The Review of English Studies},
	author = {Spencer, H. L.},
	year = {1995},
	pages = {311},
	file = {Spencer.pdf:C\:\\Users\\Sander\\AppData\\Roaming\\Zotero\\Zotero\\Profiles\\3x6x84zc.default\\zotero\\storage\\45WRW5UV\\Spencer.pdf:application/pdf}
}

@article{peters_love_2003,
	title = {\textit{{Love}, {Sex}, and {Marriage}: {A} {Historical} {Thesaurus}}. {Ed}. {Julie} {Coleman}. {AMsterdam} and {Atlanta}: {Rodopi}, 1999, xvii + 599 pp., \$138.97.},
	volume = {120},
	number = {3},
	journal = {Anglia - Zeitschrift für englische Philologie},
	author = {Peters, Hans},
	year = {2003},
	pages = {399--401},
	file = {Peters (pp.399-401).pdf:C\:\\Users\\Sander\\AppData\\Roaming\\Zotero\\Zotero\\Profiles\\3x6x84zc.default\\zotero\\storage\\AJWFIQ58\\Peters (pp.399-401).pdf:application/pdf}
}

@misc{noauthor_dcmi_2012,
	title = {{DCMI} {Metadata} {Terms}},
	url = {http://purl.org/dc/terms/},
	language = {en},
	publisher = {DCMI},
	month = jun,
	year = {2012}
}

@article{holmes_jr_dictionary_1950,
	title = {A {Dictionary} of {Selected} {Synonyms} in the {Principal} {Indo}-{European} {Languages}: {A} {Contribution} to the {History} of {Ideas}. {By} {Carl} {Darling} {Buck}, with the cooperation of colleagues and assistants. {Pp}. xix, 1515. {Chicago}: {The} {University} of {Chicago} {Press}, 1949.},
	volume = {26},
	issn = {00978507},
	shorttitle = {A {Dictionary} of {Selected} {Synonyms} in the {Principal} {Indo}-{European} {Languages}},
	url = {http://www.jstor.org/stable/409742?origin=crossref},
	doi = {10.2307/409742},
	number = {3},
	urldate = {2016-11-01},
	journal = {Language},
	author = {Holmes Jr, Urban T.},
	month = jul,
	year = {1950},
	pages = {422--427},
	file = {Holmes Jr.pdf:C\:\\Users\\Sander\\AppData\\Roaming\\Zotero\\Zotero\\Profiles\\3x6x84zc.default\\zotero\\storage\\CT7699UP\\Holmes Jr.pdf:application/pdf}
}

@book{hullen_history_2004,
	address = {Oxford},
	title = {A history of {Roget}'s {Thesaurus}: {Origins}, development, and design},
	isbn = {0-19-925472-9},
	shorttitle = {A history of {Roget}'s {Thesaurus}},
	language = {en},
	publisher = {Oxford University Press},
	author = {Hüllen, Werner},
	year = {2004}
}

@inproceedings{randell_spatial_1992,
	address = {San Mateo},
	title = {A spatial logic based on regions and connection},
	booktitle = {Proc. 3rd {Int}. {Conf}. on {Knowledge} {Representation} and {Reasoning}},
	publisher = {Morgan Kaufmann},
	author = {Randell, David A. and Cui, Zhan and Cohn, Anthony G.},
	year = {1992},
	pages = {165--176},
	file = {Randell, Cui, Cohn - A Spatial Logic Based on Regions and Connection.pdf:C\:\\Users\\Sander\\AppData\\Roaming\\Zotero\\Zotero\\Profiles\\3x6x84zc.default\\zotero\\storage\\QPK4SPBN\\Randell, Cui, Cohn - A Spatial Logic Based on Regions and Connection.pdf:application/pdf}
}

@incollection{mccracken_exploitation_2016,
	address = {Oxford},
	title = {The exploitation of dictionary data and metadata},
	isbn = {978-0-19-969163-0},
	language = {en},
	booktitle = {The {Oxford} handbook of lexicography},
	publisher = {Oxford University Press},
	author = {McCracken, James},
	editor = {Durkin, Philip},
	year = {2016},
	pages = {501--514}
}

@article{whatmough_dictionary_1951,
	title = {\textit{{A} {Dictionary} of {Selected} {Synonyms} in the {Principal} {Indo}-{European} {Languages}.} {By} {Carl} {Darling} {Buck}. {Chicago}: {University} of {Chicago} {Press}, 1949. {Pp}. xvii+1515. \$40.00.},
	volume = {46},
	number = {1},
	journal = {Classical Philology},
	author = {Whatmough, Joshua},
	year = {1951},
	pages = {42--45},
	file = {Whatmough.pdf:C\:\\Users\\Sander\\AppData\\Roaming\\Zotero\\Zotero\\Profiles\\3x6x84zc.default\\zotero\\storage\\6G5X8992\\Whatmough.pdf:application/pdf}
}

@book{hullen_english_1999,
	address = {Oxford},
	title = {English dictionaries, 800-1700: the topical tradition},
	shorttitle = {English dictionaries, 800-1700},
	url = {http://books.google.com/books?hl=en&lr=&id=nnTnCwAAQBAJ&oi=fnd&pg=PR7&dq=%22to+define+them+according+to+genus,+species,+etc.+I+assume+that+every+reader+of+this+book%22+%22order.+Such+word-lists4+were+and+are+of+different+sizes,+varying+from%22+&ots=e7aGlmA44i&sig=CwKfu2sZG8IHgnIrdPrdAQGsX-k},
	urldate = {2016-10-25},
	publisher = {Oxford University Press},
	author = {Hüllen, Werner},
	year = {1999},
	file = {Hullen - English Dictionaries 800-1700 The Topical Tradition - section Opening the Topic.pdf:C\:\\Users\\Sander\\AppData\\Roaming\\Zotero\\Zotero\\Profiles\\3x6x84zc.default\\zotero\\storage\\6ZP9R6ZR\\Hullen - English Dictionaries 800-1700 The Topical Tradition - section Opening the Topic.pdf:application/pdf;Hullen - English Dictionaries 800-1700 The Topical Tradition - section Reflections on the Topic.pdf:C\:\\Users\\Sander\\AppData\\Roaming\\Zotero\\Zotero\\Profiles\\3x6x84zc.default\\zotero\\storage\\H4WQKEJP\\Hullen - English Dictionaries 800-1700 The Topical Tradition - section Reflections on the Topic.pdf:application/pdf}
}

@article{brewer_prescriptivism_2010,
	title = {Prescriptivism and descriptivism in the first, second and third editions of {OED}},
	volume = {26},
	issn = {0266-0784, 1474-0567},
	url = {http://www.journals.cambridge.org/abstract_S0266078410000064},
	doi = {10.1017/S0266078410000064},
	language = {en},
	number = {02},
	urldate = {2016-10-25},
	journal = {English Today},
	author = {Brewer, Charlotte},
	month = jun,
	year = {2010},
	pages = {24--33},
	file = {Brewer - Prescriptivism and descriptivism in the OED.pdf:C\:\\Users\\Sander\\AppData\\Roaming\\Zotero\\Zotero\\Profiles\\3x6x84zc.default\\zotero\\storage\\EQ7363IE\\Brewer - Prescriptivism and descriptivism in the OED.pdf:application/pdf}
}

@book{crystal_words_2014,
	address = {Oxford},
	title = {Words in time and place: {Exploring} language through {The} {Historical} {Thesaurus} of the {Oxford} {English} {Dictionary}},
	shorttitle = {Words in time and place},
	language = {en},
	publisher = {Oxford University Press},
	author = {Crystal, David},
	year = {2014}
}

@misc{center_for_history_and_new_media_zotero_nodate,
	title = {Zotero {Quick} {Start} {Guide}},
	url = {http://zotero.org/support/quick_start_guide},
	author = {{Center for History and New Media}}
}

@article{faria_georges_2013,
	title = {Georges {Cuvier} et le premier paradigme de la paléontologie},
	volume = {32},
	url = {http://www.academia.edu/download/40773384/E15-Revue_Paleobiol-322-Malvesy_et_al._eds-G._Cuvier_IV.pdf#page=4},
	language = {fr},
	number = {2},
	urldate = {2016-10-25},
	journal = {Revue de Paléobiologie, Genève},
	author = {Faria, Felipe},
	year = {2013},
	pages = {297--302},
	file = {Faria - Georges Cuvier.pdf:C\:\\Users\\Sander\\AppData\\Roaming\\Zotero\\Zotero\\Profiles\\3x6x84zc.default\\zotero\\storage\\M5S7DZQD\\Faria - Georges Cuvier.pdf:application/pdf}
}

@misc{global_wordnet_association_global_nodate,
	title = {Global {Wordnet} {Formats}},
	url = {http://globalwordnet.github.io/schemas/},
	author = {{Global WordNet Association}}
}

@article{vrbinc_diasystematic_2015,
	title = {Diasystematic {Information} in the "{Big} {Five}": {A} {Comparison} of {Print} {Dictionaries}, {CD}-{ROMS}/{DVD}-{ROMS} and {Online} {Dictionaries}},
	volume = {25},
	shorttitle = {Diasystematic {Information} in the" {Big} {Five}"},
	url = {http://www.ajol.info/index.php/lex/article/view/126259},
	urldate = {2016-10-25},
	journal = {Lexikos},
	author = {Vrbinc, Marjeta and Vrbinc, Alenka},
	year = {2015},
	pages = {424--445},
	file = {Vrbinc and Vrbinc - Diasystematic Information in the Big Five.pdf:C\:\\Users\\Sander\\AppData\\Roaming\\Zotero\\Zotero\\Profiles\\3x6x84zc.default\\zotero\\storage\\EWN9JAFR\\Vrbinc and Vrbinc - Diasystematic Information in the Big Five.pdf:application/pdf}
}

@book{atkins_oxford_2008,
	address = {Oxford},
	title = {The {Oxford} guide to practical lexicography},
	publisher = {Oxford University Press},
	author = {Atkins, B. T. Sue and Rundell, Michael},
	year = {2008}
}

@article{mugglestone_julie_2001,
	title = {Julie {Coleman}, \textit{{Love}, {Sex}, and {Marriage}: {A} {Historical} {Thesaurus}} ({Amsterdam}: {Rodopi}, 1999). xvii + 599 pp. {ISBN} 090-420-0433-9. \$74.50},
	volume = {70},
	number = {1},
	journal = {Medium Ævum},
	author = {Mugglestone, L. C.},
	year = {2001},
	pages = {128--129},
	file = {Mugglestone.pdf:C\:\\Users\\Sander\\AppData\\Roaming\\Zotero\\Zotero\\Profiles\\3x6x84zc.default\\zotero\\storage\\57UVW838\\Mugglestone.pdf:application/pdf}
}

@article{anderson_metaphorical_2014,
	title = {A metaphorical spectrum},
	url = {http://books.google.com/books?hl=en&lr=&id=OelGBQAAQBAJ&oi=fnd&pg=PA140&dq=%22colour+terms+in%22+%22out+as+part+of+the+%E2%80%9CMapping+Metaphor+with+the+Historical+Thesaurus%E2%80%9D+project+at%22+%22and+unique+evidence+base,+will+shed+light+on+a+number+of+theoretical+and%22+&ots=9S_IuHC2HQ&sig=UoJSbUxpNdtEG7dwKcC-zTANe1w},
	urldate = {2016-10-25},
	journal = {Colour Studies: A broad spectrum},
	author = {Anderson, Wendy and Bramwell, Ellen},
	year = {2014},
	pages = {140},
	file = {Anderson and Bramwell - A Metaphorical Spectrum.pdf:C\:\\Users\\Sander\\AppData\\Roaming\\Zotero\\Zotero\\Profiles\\3x6x84zc.default\\zotero\\storage\\C932T7RK\\Anderson and Bramwell - A Metaphorical Spectrum.pdf:application/pdf}
}

@article{alexander_spread_2014,
	title = {The spread of red in the {Historical} {Thesaurus} of {English}},
	url = {http://books.google.com/books?hl=en&lr=&id=OelGBQAAQBAJ&oi=fnd&pg=PA126&dq=%22section+for+colour+in+HT+is+presented+alongside+other+areas+concerned%22+%22spread+of+red+in+the+Historical+Thesaurus+of%22+%22their+analyses,+and+here+a+problem+arose.+As+is+its+usual+practice+for+primary%22+&ots=9S_IuHC2HL&sig=oaP6aeQeIhEMRxoQHaIjI5hx3fQ},
	urldate = {2016-10-25},
	journal = {Colour Studies: A broad spectrum},
	author = {Alexander, Marc and Kay, Christian},
	year = {2014},
	pages = {126},
	file = {Alexander and Kay - The Spread of Red.pdf:C\:\\Users\\Sander\\AppData\\Roaming\\Zotero\\Zotero\\Profiles\\3x6x84zc.default\\zotero\\storage\\PMCHSJD6\\Alexander and Kay - The Spread of Red.pdf:application/pdf}
}

@misc{kay_historical_2010,
	title = {Historical thesaurus of the {Oxford} {English} {Dictionary}},
	shorttitle = {Historical thesaurus of the {Oxford} {English} {Dictionary}},
	url = {http://oed.com/thesaurus},
	language = {en},
	editor = {Kay, Christian and Roberts, Jane and Samuels, Michael and Wotherspoon, Irené},
	year = {2010},
	keywords = {17.60 lexicology and lexicography, 18.04 English language, English language -- Dictionaries -- Synonyms and antonyms, English language -- Dictionaries -- Synonyms and antonyms -- History, Oxford English dictionary (anoniem), Thesauri (vorm)}
}

@article{brewer_christian_2010,
	title = {Christian {Kay}, {Jane} {Roberts}, {Michael} {Samuels} and {Irené} {Wotherspoon} (eds). \textit{{Historical} {Thesaurus} of the {Oxford} {English} {Dictionary}}. 2 vols. {Pp}. xxxvi + 3,952. {Oxford}: {Oxford} {University} {Press}, 2009. {Cloth}, in slipcase, £275},
	volume = {61},
	shorttitle = {Christian {Kay}, {Jane} {Roberts}, {Michael} {Samuels} and {Irené} {Wotherspoon} (eds). \textit{{Historical} {Thesaurus} of the {Oxford} {English} {Dictionary}}},
	url = {http://res.oxfordjournals.org/content/early/2010/09/29/res.hgq094.extract},
	doi = {10.1093/res/hgq094},
	number = {252},
	urldate = {2016-10-25},
	journal = {The Review of English Studies},
	author = {Brewer, Charlotte},
	year = {2010},
	pages = {801--805},
	file = {Brewer.pdf:C\:\\Users\\Sander\\AppData\\Roaming\\Zotero\\Zotero\\Profiles\\3x6x84zc.default\\zotero\\storage\\4HPPD45G\\Brewer.pdf:application/pdf}
}

@incollection{brown_thesauruses_2006,
	address = {Oxford},
	edition = {Second Edition},
	title = {Thesauruses},
	isbn = {978-0-08-044854-1},
	url = {http://www.sciencedirect.com/science/article/pii/B0080448542004545},
	booktitle = {Encyclopedia of {Language} \& {Linguistics} ({Second} {Edition})},
	publisher = {Elsevier},
	author = {Hartmann, R. R. K.},
	editor = {Brown, Keith},
	year = {2006},
	keywords = {WordNet},
	pages = {668 -- 676}
}

@book{heath_linked_nodate,
	series = {Synthesis {Lectures} on the {Semantic} {Web}: {Theory} and {Technology}},
	title = {Linked {Data}: {Evolving} the {Web} into a {Global} {Data} {Space}},
	isbn = {978-1-60845-430-3},
	shorttitle = {Linked {Data}},
	language = {en},
	number = {1},
	publisher = {Morgan \& Claypool},
	author = {Heath, Tom and Bizer, Christian},
	editor = {Hendler, James and van Harmelen, Frank}
}

@article{conner_jane_1998,
	title = {Jane {Roberts} and {Christian} {Kay}, eds., with {Lynne} {Grundy}, \textit{{A} {Thesaurus} of {Old} {English}}, 1: \textit{{Introduction} and {Thesaurus}}; 2: \textit{{Index}}. ({King}'s {College} {London} {Medieval} {Studies}, 11.) {London}: {Centre} for {Late} {Antique} and {Medieval} {Studies}, {King}'s {College} {London}, 1995. 1: pp. xxxv, 1-716. 2: pp. iv, 717-1555. £55.},
	volume = {73},
	issn = {0038-7134, 2040-8072},
	shorttitle = {{\textless}i{\textgreater}{A} {Thesaurus} of {Old} {English}, 1},
	url = {http://www.journals.uchicago.edu/doi/10.2307/2887551},
	doi = {10.2307/2887551},
	language = {en},
	number = {3},
	urldate = {2016-11-01},
	journal = {Speculum},
	author = {Conner, Patrick W.},
	month = jul,
	year = {1998},
	pages = {887--889},
	file = {Conner - Thesaurus of Old English review.pdf:C\:\\Users\\Sander\\AppData\\Roaming\\Zotero\\Zotero\\Profiles\\3x6x84zc.default\\zotero\\storage\\M9EZJ94E\\Conner - Thesaurus of Old English review.pdf:application/pdf}
}

@article{diller_historical_2010,
	title = {\textit{{Historical} {Thesaurus} of the {Oxford} {English} {Dictionary}, with additional material from} {A} {Thesaurus} of {Old} {English}. {Ed}. {Christian} {Kay}, {Jane} {Roberts}, {Michael} {Samuels} \& {Irené} {Wotherspoon}. {Oxford}: {Oxford} {UP}, 2009, 2 vols., xxxvi + 1783, x + 2109 pp., £275.00.},
	volume = {128},
	issn = {0340-5222, 1865-8938},
	shorttitle = {\textit{{Historical} {Thesaurus} of the {Oxford} {English} {Dictionary}, with additional material from} {A} {Thesaurus} of {Old} {English}. {Ed}. {Christian} {Kay}, {Jane} {Roberts}, {Michael} {Samuels} \& {Irené} {Wotherspoon}},
	url = {http://www.degruyter.com/view/j/angl.2010.128.issue-2/angl.2010.034/angl.2010.034.xml},
	doi = {10.1515/angl.2010.034},
	number = {2},
	urldate = {2016-10-25},
	journal = {Anglia - Zeitschrift für englische Philologie},
	author = {Diller, Hans-Jürgen},
	month = jan,
	year = {2010},
	pages = {319--323},
	file = {Diller.pdf:C\:\\Users\\Sander\\AppData\\Roaming\\Zotero\\Zotero\\Profiles\\3x6x84zc.default\\zotero\\storage\\6X5VDC27\\Diller.pdf:application/pdf}
}

@article{mccrae_interchanging_2012,
	title = {Interchanging lexical resources on the {Semantic} {Web}},
	volume = {46},
	language = {en},
	number = {4},
	journal = {Language Resources and Evaluation},
	author = {McCrae, John and Aguado-de-Cea, Guadalupe and Buitelaar, Paul and Cimiano, Philipp and Declerck, Thierry and Gómez-Pérez, Asunción and Gracia, Jorge and Hollink, Laura and Montiel-Ponsoda, Elena and Spohr, Dennis and Wunner, Tobias},
	year = {2012},
	pages = {701--719}
}

@inproceedings{postma_open_2016,
	address = {Bucharest, Romania},
	title = {Open {Dutch} {WordNet}},
	booktitle = {Proceedings of the {Eighth} {Global} {Wordnet} {Conference}},
	author = {Postma, Marten and van Miltenburg, Emiel and Segers, Roxane and Schoen, Anneleen and Vossen, Piek},
	year = {2016}
}

@article{standop_marvin_1995,
	title = {Marvin {Spevack}, {A} {Shakespeare} {Theasurus}. {Hildesheim}: {Georg} {Olms}, 1993. xxv + 541 {S}., geb. {DM} 98.00, br. {DM} 39.80.},
	volume = {113},
	journal = {Anglia - Zeitschrift für englische Philologie},
	author = {Standop, Ewald},
	year = {1995},
	pages = {411--413},
	file = {Standop (pp.411-3).pdf:C\:\\Users\\Sander\\AppData\\Roaming\\Zotero\\Zotero\\Profiles\\3x6x84zc.default\\zotero\\storage\\XVRCNVUE\\Standop (pp.411-3).pdf:application/pdf}
}

@article{cavill_names_1997,
	title = {Names and {Things} in {Anglo}-{Saxon} and {Early} {Norman} {England}},
	volume = {41},
	journal = {Nottingham Medieval Studies},
	author = {Cavill, Paul},
	year = {1997},
	pages = {186--191},
	file = {Cavill.pdf:C\:\\Users\\Sander\\AppData\\Roaming\\Zotero\\Zotero\\Profiles\\3x6x84zc.default\\zotero\\storage\\H9BNB7ZN\\Cavill.pdf:application/pdf}
}

@article{van_gelderen_jane_2003,
	title = {Jane {Roberts} and {Christian} {Kay}, with {Lynne} {Grundy}. \textit{{A} {Thesaurus} of {Old} {English} in two volumes. {Volume} {I}: {Introduction} and {Thesaurus}. {Volume} {II}: {Index}.} {Second} {Impression}. {Amsterdam}/{Atlanta}: {Rodopi}. 2000. xxxvi and 1562 pages.},
	volume = {27},
	number = {1},
	journal = {Studies in Language},
	author = {van Gelderen, Elly},
	year = {2003},
	pages = {200--203},
	file = {Van Gelderen - Studies in Language, Volume 27, Number 1, 2003 , pp. 200-203(4).pdf:C\:\\Users\\Sander\\AppData\\Roaming\\Zotero\\Zotero\\Profiles\\3x6x84zc.default\\zotero\\storage\\IM5CPKMF\\Van Gelderen - Studies in Language, Volume 27, Number 1, 2003 , pp. 200-203(4).pdf:application/pdf}
}

@book{macleod_scots_1990,
	address = {Aberdeen},
	title = {The {Scots} thesaurus},
	isbn = {0-08-036582-5},
	publisher = {Aberdeen University Press},
	editor = {Macleod, Iseabail and Cairns, Pauline and Macafee, Caroline and Martin, Ruth},
	year = {1990}
}

@book{adams_cunning_2010,
	address = {Monza, Italy},
	series = {Lexicography worldwide},
	title = {Cunning passages, contrived corridors: unexpected essays in the history of lexicography},
	isbn = {978-88-7699-207-0},
	shorttitle = {Cunning passages, contrived corridors},
	number = {11},
	publisher = {Polimetrica},
	editor = {Adams, Michael},
	year = {2010},
	keywords = {English language, Lexicography History},
	file = {Hidden_Passages_-_HTOED_Material.pdf:C\:\\Users\\Sander\\AppData\\Roaming\\Zotero\\Zotero\\Profiles\\3x6x84zc.default\\zotero\\storage\\GRXV4EP7\\Hidden_Passages_-_HTOED_Material.pdf:application/pdf}
}

@article{bremmer_jr_treasure_2002,
	title = {Treasure {Digging} in the {Old} {English} {Lexicon}},
	volume = {40},
	journal = {NOWELE},
	author = {Bremmer Jr, Rolf H.},
	year = {2002},
	pages = {109--114}
}

@article{coleman_christian_2013,
	title = {Christian {Kay}, {Jane} {Roberts}, {Michael} {Samuels} \& {Irene} {Wotherspoon} (eds.), \textit{{Historical} {Thesaurus} of the {Oxford} {English} {Dictionary}}. \textit{{With} additional material from} {A} {Thesaurus} of {Old} {English}. {Oxford}: {Oxford} {University} {Press}, 2009. {ISBN}-10 0–19-920899–9, {ISBN}-13 978–0-19–920899-9.},
	volume = {6},
	issn = {1750-1245, 1755-2036},
	shorttitle = {Christian {Kay}, {Jane} {Roberts}, {Michael} {Samuels} \& {Irene} {Wotherspoon} (eds.), \textit{{Historical} {Thesaurus} of the {Oxford} {English} {Dictionary}}. \textit{{With} additional material from} {A} {Thesaurus} of {Old} {English}},
	url = {http://www.euppublishing.com/doi/abs/10.3366/word.2013.0045},
	doi = {10.3366/word.2013.0045},
	language = {en},
	number = {2},
	urldate = {2016-10-25},
	journal = {Word Structure},
	author = {Coleman, Julie},
	month = oct,
	year = {2013},
	pages = {201--213},
	file = {Coleman.pdf:C\:\\Users\\Sander\\AppData\\Roaming\\Zotero\\Zotero\\Profiles\\3x6x84zc.default\\zotero\\storage\\GX9W7AUI\\Coleman.pdf:application/pdf}
}

@article{orme_historical_2009,
	title = {\textit{{Historical} {Thesaurus} of the {Oxford} {English} {Dictionary}}. 2 vols. {Oxford} {Univ}. 2009. 4448p. {ISBN} 978-0-19-920889-9. \$395.},
	volume = {134},
	shorttitle = {\textit{{Historical} {Thesaurus} of the {Oxford} {English} {Dictionary}}},
	number = {20},
	journal = {Library Journal},
	author = {Orme, Marianne},
	year = {2009},
	keywords = {English language, Synonyms and antonyms, Synonyms and antonyms History},
	pages = {132},
	file = {Orme.pdf:C\:\\Users\\Sander\\AppData\\Roaming\\Zotero\\Zotero\\Profiles\\3x6x84zc.default\\zotero\\storage\\T5AS6J2E\\Orme.pdf:application/pdf}
}

@article{pulgram_buck_1950,
	title = {Buck, {Carl} {Darling}, {\textless}i{\textgreater}{A} {Dictionary} of {Selected} {Synonyms} in the {Principal} {Indo}-{European} {Languages}. {A} {Contribution} to the {History} of {Ideas}.{\textless}i{\textgreater} ({With} the {Cooperation} of {Colleagues} and {Assistants}.) {The} {University} of {Chicago} {Press}, {Chicago}, 1949. {Pp}. xix+1515. \$40.00.},
	volume = {34},
	issn = {00267902},
	url = {http://www.jstor.org/stable/318921?origin=crossref},
	doi = {10.2307/318921},
	number = {4},
	urldate = {2016-11-01},
	journal = {The Modern Language Journal},
	author = {Pulgram, Ernst},
	month = apr,
	year = {1950},
	pages = {323--326},
	file = {Pulgram.pdf:C\:\\Users\\Sander\\AppData\\Roaming\\Zotero\\Zotero\\Profiles\\3x6x84zc.default\\zotero\\storage\\5U7HNSZH\\Pulgram.pdf:application/pdf}
}

@phdthesis{stolk_welcoming_2013,
	address = {Leiden},
	type = {M.{Phil}.},
	title = {Welcoming the {Thesaurus} of {Old} {English} {Statistics}: {The} {Thesaurus} of {Old} {English} and the {Vocabulary} of {Greetings}},
	school = {Leiden University},
	author = {Stolk, Sander Sebastiaan},
	year = {2013}
}

@article{dance_jane_1997,
	title = {Jane {Roberts} and {Christian} {Kay}, with {Lynne} {Grundy}, \textit{{A} {Thesaurus} of {Old} {English}}, {King}'s {College} {London} {Medieval} {Studies} 11 ({London}: {King}'s {College} {London} {Centre} for {Late} {Antique} and {Medieval} {Studies}, 1995). 2 vols. xxxv + 1555 pp. {ISBN} 0-9522119-0-4. £55.00.},
	volume = {66},
	number = {2},
	journal = {Medium Ævum},
	author = {Dance, Richard},
	year = {1997},
	pages = {312--313},
	file = {Dance - Thesaurus of Old English review.pdf:C\:\\Users\\Sander\\AppData\\Roaming\\Zotero\\Zotero\\Profiles\\3x6x84zc.default\\zotero\\storage\\KTQBQXRU\\Dance - Thesaurus of Old English review.pdf:application/pdf}
}

@article{poultney_carl_1950,
	title = {Carl {Darling} {Buck}. {A} {Dictionary} of {Selected} {Synonyms} in the {Principal} {Indo}-{European} {Languages}. {Chicago}, {The} {University} of {Chicago} {Press}, 1949. {Pp}. xix + 1515.},
	volume = {71},
	issn = {00029475},
	url = {http://www.jstor.org/stable/292167?origin=crossref},
	doi = {10.2307/292167},
	number = {3},
	urldate = {2016-11-01},
	journal = {The American Journal of Philology},
	author = {Poultney, James W.},
	year = {1950},
	pages = {331--334},
	file = {Poultney.pdf:C\:\\Users\\Sander\\AppData\\Roaming\\Zotero\\Zotero\\Profiles\\3x6x84zc.default\\zotero\\storage\\8X33NWTS\\Poultney.pdf:application/pdf}
}

@misc{kay_historical_2014,
	title = {Historical thesaurus of {English}},
	shorttitle = {Historical thesaurus of {English}},
	url = {http://historicalthesaurus.arts.gla.ac.uk},
	language = {en},
	publisher = {Glasgow},
	editor = {Kay, Christian and Roberts, Jane and Samuels, Michael and Wotherspoon, Irené},
	year = {2014},
	keywords = {17.60 lexicology and lexicography, 18.04 English language, English language -- Dictionaries -- Synonyms and antonyms, English language -- Dictionaries -- Synonyms and antonyms -- History, Oxford English dictionary (anoniem), Thesauri (vorm)}
}

@incollection{kay_diachronic_2016,
	address = {Oxford},
	title = {Diachronic and synchronic thesauruses},
	isbn = {978-0-19-969163-0},
	language = {en},
	booktitle = {The {Oxford} handbook of lexicography},
	publisher = {Oxford University Press},
	author = {Kay, Christian and Alexander, Marc},
	editor = {Durkin, Philip},
	year = {2016},
	pages = {367--380}
}
 
@incollection{hausmann_markierung_1989,
	address = {Berlin},
	title = {Die {Markierung} im allgemeinen einsprachigen {Wörterbuch}: eine Übersicht},
	volume = {1},
	shorttitle = {Die {Markierung} im allgemeinen einsprachigen {Wörterbuch}},
	language = {de},
	booktitle = {Wörterbücher: {Ein} internationales {Handbuch} zur {Lexikographie}},
	publisher = {Walter de Gruyter},
	author = {Hausmann, Franz Josef},
	editor = {Hausmann, Franz Josef and Reichmann, Oskar and Wiegand, Herbert Ernst and Zgusta, Ladislav},
	year = {1989},
	pages = {649--657}
}

@misc{hartmann_thesauruses_2006,
	address = {Oxford},
	edition = {2},
	title = {Thesauruses},
	language = {en},
	journal = {Encyclopedia of Language and Linguistics},
	publisher = {Elsevier},
	author = {Hartmann, R. R. K.},
	editor = {Brown, Keith},
	year = {2006},
	pages = {668--676},
	file = {Hartmann - Thesauruses.pdf:C\:\\Users\\Sander\\AppData\\Roaming\\Zotero\\Zotero\\Profiles\\3x6x84zc.default\\zotero\\storage\\D6WC92UZ\\Hartmann - Thesauruses.pdf:application/pdf}
}

@book{wierzbicka_understanding_1997,
	address = {New York},
	series = {Oxford studies in anthropological linguistics},
	title = {Understanding cultures through their key words: {English}, {Russian}, {Polish}, {German}, and {Japanese}},
	isbn = {978-0-19-508835-9 978-0-19-508836-6},
	shorttitle = {Understanding cultures through their key words},
	language = {en},
	number = {8},
	publisher = {Oxford University Press},
	author = {Wierzbicka, Anna},
	year = {1997},
	keywords = {Language and culture, Lexicology, Social aspects},
	file = {Wierzbicka - Understanding Cultures through their Key Words.pdf:C\:\\Users\\Sander\\AppData\\Roaming\\Zotero\\Zotero\\Profiles\\3x6x84zc.default\\zotero\\storage\\GZK8BCPV\\Wierzbicka - Understanding Cultures through their Key Words.pdf:application/pdf}
}

@book{hoyningen-huene_systematicity:_2013,
	address = {Oxford},
	title = {Systematicity: {The} nature of science},
	shorttitle = {Systematicity},
	publisher = {Oxford University Press},
	author = {Hoyningen-Huene, Paul},
	year = {2013}
}

@incollection{fischer_notional_2004,
	address = {Amsterdam},
	series = {Amsterdam studies in the theory and history of linguistic science},
	title = {The notional structure of thesauruses},
	volume = {261},
	url = {http://books.google.com/books?hl=en&lr=&id=0Yw5AAAAQBAJ&oi=fnd&pg=PA41&dq=%22being+one+example.+In+this+paper+I+completely+disregard+alphabetical+thesauruses%22+%22in+1852.3+Roget+himself,+whose+primary+aim+was+practical,+made%22+%22projects+like+the+Oxford+English+Dictionary+or+the%22+&ots=8NdEeQ5xx2&sig=_J1W3heeQ0tRZ_rtCn7bZzdJm-k},
	language = {en},
	number = {4},
	urldate = {2016-10-25},
	booktitle = {Categorization in the history of {English}},
	publisher = {John Benjamins B.V.},
	author = {Fischer, Andreas},
	editor = {Kay, Christian J. and Smith, Jeremy J.},
	year = {2004},
	pages = {41--58},
	file = {Fischer - Notional Structure of Thesauruses.pdf:C\:\\Users\\Sander\\AppData\\Roaming\\Zotero\\Zotero\\Profiles\\3x6x84zc.default\\zotero\\storage\\TWJFCSNI\\Fischer - Notional Structure of Thesauruses.pdf:application/pdf}
}

@article{jacob_classification_2004,
	title = {Classification and categorization: a difference that makes a difference},
	volume = {52},
	shorttitle = {Classification and categorization},
	url = {https://www.ideals.illinois.edu/handle/2142/1686},
	number = {3},
	urldate = {2016-10-25},
	journal = {Library trends},
	author = {Jacob, Elin K.},
	year = {2004},
	pages = {515--540},
	file = {Jacob - Classification and Categorization.pdf:C\:\\Users\\Sander\\AppData\\Roaming\\Zotero\\Zotero\\Profiles\\3x6x84zc.default\\zotero\\storage\\52R926HF\\Jacob - Classification and Categorization.pdf:application/pdf}
}

@article{kirkpatrick_scots_1992,
	title = {\textit{{The} {Scots} {Thesaurus}}, {Edited} by {Iseabail} {McLeod}, {Published} by {Aberdeen} {University} {Press}, xx+536 pages, {ISBN} 0 08 036582 5.},
	volume = {5},
	number = {4},
	journal = {International Journal of Lexicography},
	author = {Kirkpatrick, Betty},
	year = {1992},
	keywords = {Scots language, Synonyms and antonyms},
	pages = {305--309},
	file = {Kirkpatrick.pdf:C\:\\Users\\Sander\\AppData\\Roaming\\Zotero\\Zotero\\Profiles\\3x6x84zc.default\\zotero\\storage\\R646ESI2\\Kirkpatrick.pdf:application/pdf}
}

@article{kay_marvin_1996,
	title = {Marvin {Spevack}, \textit{{A} {Shakespeare} {Thesaurus}}. {Hildesheim}/{Zürich}/{New} {York}: {OLMS}, 1993. xxv+541.},
	volume = {9},
	number = {1},
	journal = {International Journal of Lexicography},
	author = {Kay, Christian J.},
	year = {1996},
	pages = {71--76},
	file = {Kay.pdf:C\:\\Users\\Sander\\AppData\\Roaming\\Zotero\\Zotero\\Profiles\\3x6x84zc.default\\zotero\\storage\\X7FIP7TC\\Kay.pdf:application/pdf}
}

@article{momma_jane_2003,
	title = {Jane {Roberts} and {Christian} {Kay} with {Lynne} {Grundy} (eds), \textit{{A} {Thesaurus} of {Old} {English} in {Two} {Volumes}}, vol. {I}, \textit{{Introduction} and {Thesaurus}}; vol. {II}, \textit{{Index}}, 2nd {Impression}. {Pp}. xxxvi + 1562 ({Costerus} {New} {Series} 131 and 132). {Amsterdam} and {Atlanta}, {George}: {Rodopi}, 2000. \$130.00 and \$150.00 ({ISBN} 90 420 1573 {X} and 90 420 1583 7).},
	volume = {50},
	number = {1},
	journal = {Notes and Queries},
	author = {Momma, Haruko},
	month = mar,
	year = {2003},
	pages = {79--80},
	file = {Momma, H. Notes and Queries, 2003, Vol.50(1), pp.79-80  ---- important one.pdf:C\:\\Users\\Sander\\AppData\\Roaming\\Zotero\\Zotero\\Profiles\\3x6x84zc.default\\zotero\\storage\\CAEJK69Q\\Momma, H. Notes and Queries, 2003, Vol.50(1), pp.79-80  ---- important one.pdf:application/pdf}
}

@misc{taylor_prototype_2006,
	address = {Oxford},
	edition = {2},
	title = {Prototype {Semantics}},
	url = {http://www.formazione.unimib.it/DATA/Insegnamenti/7_1497/materiale/lettura_integrativa_2_prototype_semantics.pdf},
	urldate = {2016-10-25},
	journal = {Encyclopedia of Language and Linguistics},
	publisher = {Elsevier},
	author = {Taylor, P. P. G.},
	editor = {Brown, Keith},
	year = {2006},
	pages = {238--240},
	file = {Taylor - Prototype Semantics.pdf:C\:\\Users\\Sander\\AppData\\Roaming\\Zotero\\Zotero\\Profiles\\3x6x84zc.default\\zotero\\storage\\ZQR9MXD3\\Taylor - Prototype Semantics.pdf:application/pdf}
}

@article{busse_celebration_2012,
	title = {A celebration of words and ideas: {The} stylistic potential of the \textit{{Historical} {Thesaurus} of the {Oxford} {English} {Dictionary}}},
	volume = {21},
	issn = {0963-9470, 1461-7293},
	shorttitle = {A celebration of words and ideas},
	url = {http://lal.sagepub.com/cgi/doi/10.1177/0963947011432047},
	doi = {10.1177/0963947011432047},
	language = {en},
	number = {1},
	urldate = {2016-10-25},
	journal = {Language and Literature},
	author = {Busse, Beatrix},
	month = feb,
	year = {2012},
	pages = {84--92},
	file = {Busse - A celebration of words and ideas.pdf:C\:\\Users\\Sander\\AppData\\Roaming\\Zotero\\Zotero\\Profiles\\3x6x84zc.default\\zotero\\storage\\WHSAIWBS\\Busse - A celebration of words and ideas.pdf:application/pdf}
}

@misc{murphy_synonymy_2006,
	address = {Oxford},
	edition = {2},
	title = {Synonymy},
	url = {http://www.formazione.unimib.it/DATA/Insegnamenti/7_1497/materiale/lettura_integrativa_2_prototype_semantics.pdf},
	urldate = {2016-10-25},
	journal = {Encyclopedia of Language and Linguistics},
	publisher = {Elsevier},
	author = {Murphy, M. Lynne},
	editor = {Brown, Keith},
	year = {2006},
	pages = {376--378},
	file = {Murphy - Synonymy.pdf:C\:\\Users\\Sander\\AppData\\Roaming\\Zotero\\Zotero\\Profiles\\3x6x84zc.default\\zotero\\storage\\QPMFRD58\\Murphy - Synonymy.pdf:application/pdf}
}

@book{hartmann_dictionary_1998,
	address = {London},
	title = {Dictionary of lexicography},
	language = {en},
	publisher = {Routledge},
	author = {Hartmann, R. R. K. and James, Gregory},
	year = {1998}
}

@article{gorlach_christian_2011,
	title = {Christian {Kay}, {Jane} {Roberts}, {Michael} {Samuels} and {Irené} {Wotherspoon} (eds.), \textit{{Historical} thesaurus of the {Oxford} {English} dictionary} with additional material from \textit{{A} thesaurus of {Old} {English}}, vol. {I}: {Thesaurus}, vol. {II} {Index}. {Oxford}: {Oxford} {University} {Press}, 2009. {Pp}. xxxv+1783, ix + 2109. 275.},
	volume = {15},
	issn = {1360-6743, 1469-4379},
	shorttitle = {Christian {Kay}, {Jane} {Roberts}, {Michael} {Samuels} and {Irené} {Wotherspoon} (eds.), \textit{{Historical} thesaurus of the {Oxford} {English} dictionary} with additional material from \textit{{A} thesaurus of {Old} {English}}},
	url = {http://www.journals.cambridge.org/abstract_S1360674310000365},
	doi = {10.1017/S1360674310000365},
	language = {en},
	number = {01},
	urldate = {2016-10-25},
	journal = {English Language and Linguistics},
	author = {Görlach, Manfred},
	month = mar,
	year = {2011},
	pages = {193--197},
	file = {Gorlach.pdf:C\:\\Users\\Sander\\AppData\\Roaming\\Zotero\\Zotero\\Profiles\\3x6x84zc.default\\zotero\\storage\\MJMFXFIG\\Gorlach.pdf:application/pdf}
}

@article{hulme_dictionary_1952,
	title = {\textit{{A} {Dictionary} of {Selected} {Synonyms} in the {Principal} {Indo}-{European} {Languages}.} {By} {Carl} {Darling} {Buck}. {Chicago}: {University} of {Chicago} {Press}; {London}: {Cambridge} {University} {Press}. 1949. xvii+1515 pp. £15.},
	volume = {47},
	journal = {The Modern Language Review},
	author = {Hulme, Hilda},
	year = {1952},
	pages = {214},
	file = {Hulme.pdf:C\:\\Users\\Sander\\AppData\\Roaming\\Zotero\\Zotero\\Profiles\\3x6x84zc.default\\zotero\\storage\\7E7BCV5K\\Hulme.pdf:application/pdf}
}

@book{gauch_jr_scientific_2012,
	address = {Cambridge},
	title = {Scientific method in brief},
	publisher = {Cambridge University Press},
	author = {Gauch Jr, Hugh G.},
	year = {2012}
}

@article{losee_decisions_2007,
	title = {Decisions in thesaurus construction and use},
	volume = {43},
	issn = {03064573},
	url = {http://linkinghub.elsevier.com/retrieve/pii/S0306457306001488},
	doi = {10.1016/j.ipm.2006.08.011},
	language = {en},
	number = {4},
	urldate = {2016-10-25},
	journal = {Information Processing \& Management},
	author = {Losee, Robert M.},
	month = jul,
	year = {2007},
	pages = {958--968},
	file = {Losee - Decisions in thesaurus construction and use.pdf:C\:\\Users\\Sander\\AppData\\Roaming\\Zotero\\Zotero\\Profiles\\3x6x84zc.default\\zotero\\storage\\5RC7EZ7Z\\Losee - Decisions in thesaurus construction and use.pdf:application/pdf}
}

@misc{prudhommeaux_rdf_2014,
	title = {{RDF} 1.1 {Turtle}: {W3C} recommendation 25 {February} 2014},
	shorttitle = {{RDF} 1.1 {Turtle}},
	url = {http://www.w3.org/TR/turtle/},
	language = {en},
	publisher = {W3C},
	author = {Beckett, David and Berners-Lee, Tim and Prud'hommeaux, Eric and Carothers, Gavin},
	editor = {Prud'hommeaux, Eric and Carothers, Gavin},
	month = feb,
	year = {2014}
}

@article{hamilton_exploring_2014,
	title = {Exploring the metaphorical use of colour with the {Historical} {Thesaurus} of {English}},
	url = {http://books.google.com/books?hl=en&lr=&id=OelGBQAAQBAJ&oi=fnd&pg=PA153&dq=%22for+their+helpful%22+%22Samuels+and+Wotherspoon).+Based+on+the+second+edition+of+the%22+%22Within+these+are+subcategories+which+are+arranged+in+hierarchies%22+%22748),+including+the+secondary+basics+and+including+purple.3+Under+each%22+&ots=9S_IuHC2HT&sig=7O04QHxgImxBwY3eE6iHYBVemoE},
	urldate = {2016-10-25},
	journal = {Colour Studies: A broad spectrum},
	author = {Hamilton, Rachael},
	year = {2014},
	pages = {153},
	file = {Hamilton - Exploring the Metaphorical Use of Colour.pdf:C\:\\Users\\Sander\\AppData\\Roaming\\Zotero\\Zotero\\Profiles\\3x6x84zc.default\\zotero\\storage\\22WCKRBS\\Hamilton - Exploring the Metaphorical Use of Colour.pdf:application/pdf}
}

@phdthesis{porck_growing_2016,
	address = {Leiden},
	type = {D.{Phil}.},
	title = {Growing old among the {Anglo}-{Saxons}: {The} cultural conceptualisation of old age in {Early} {Medieval} {England}},
	shorttitle = {Growing old among the {Anglo}-{Saxons}},
	language = {en},
	school = {Leiden University},
	author = {Porck, Thijs},
	month = apr,
	year = {2016}
}

@book{saeed_semantics_2009,
	address = {Oxford},
	edition = {3},
	series = {Introducing {Linguistics}},
	title = {Semantics},
	language = {en},
	number = {2},
	publisher = {Wiley-Blackwell},
	author = {Saeed, John I.},
	year = {2009}
}

@article{norri_regional_1996,
	title = {Regional labels in some {British} and {American} dictionaries},
	volume = {9},
	url = {http://ijl.oxfordjournals.org/content/9/1/1.short},
	number = {1},
	urldate = {2016-10-25},
	journal = {International Journal of Lexicography},
	author = {Norri, Juhani},
	year = {1996},
	pages = {1--29},
	file = {Norri - Regional Labels in Some British and American Dictionaries.pdf:C\:\\Users\\Sander\\AppData\\Roaming\\Zotero\\Zotero\\Profiles\\3x6x84zc.default\\zotero\\storage\\VWQEESJI\\Norri - Regional Labels in Some British and American Dictionaries.pdf:application/pdf}
}

@article{sturtevant_dictionary_1950,
	title = {\textit{{A} {Dictionary} of {Selected} {Synonyms} in the {Principal} {Indo}-{European} {Languages}. {A} {Contribution} to the {History} of {Ideas}.} {By} {Carl} {Darling} {Buck}. {Pp}. xx + 1515. {Chicago}: {University} of {Chicago} {Press}, 1949. \$40.00.},
	volume = {70},
	issn = {00030279},
	url = {http://www.jstor.org/stable/594981?origin=crossref},
	doi = {10.2307/594981},
	number = {4},
	urldate = {2016-11-01},
	journal = {Journal of the American Oriental Society},
	author = {Sturtevant, E. H.},
	month = dec,
	year = {1950},
	pages = {329--331},
	file = {Sturtevant.pdf:C\:\\Users\\Sander\\AppData\\Roaming\\Zotero\\Zotero\\Profiles\\3x6x84zc.default\\zotero\\storage\\6CWFM8F9\\Sturtevant.pdf:application/pdf}
}

@incollection{murphy_meaning_2016,
	address = {Oxford},
	title = {Meaning relations in dictionaries: {Hyponymy}, meronymy, synonymy, antonymy, and contrast},
	isbn = {978-0-19-969163-0},
	language = {en},
	booktitle = {The {Oxford} handbook of lexicography},
	publisher = {Oxford University Press},
	author = {Murphy, M. Lynne},
	editor = {Durkin, Philip},
	year = {2016},
	pages = {439--456}
}

@book{wierzbicka_understanding_1997-1,
	address = {Oxford},
	series = {Oxford {Studies} in {Anthropological} {Linguistics}},
	title = {Understanding {Cultures} through their {Key} {Words}: {English}, {Russian}, {Polish}, {German}, and {Japanese}},
	language = {English},
	number = {8},
	publisher = {Oxford University Press},
	author = {Wierzbicka, Anna},
	year = {1997},
	keywords = {Cultural elaboration, Semantics}
}

@book{kay_historical_2009,
	address = {Oxford},
	title = {Historical thesaurus of the {Oxford} {English} {Dictionary}: with additional material from "{A} thesaurus of {Old} {English}"},
	isbn = {978-0-19-920899-9},
	shorttitle = {Historical thesaurus of the {Oxford} {English} {Dictionary}},
	language = {en},
	publisher = {Oxford University Press},
	editor = {Kay, Christian and Roberts, Jane and Samuels, Michael and Wotherspoon, Irené},
	year = {2009},
	keywords = {17.60 lexicology and lexicography, 18.04 English language, English language -- Dictionaries -- Synonyms and antonyms, English language -- Dictionaries -- Synonyms and antonyms -- History, Oxford English dictionary (anoniem), Thesauri (vorm)},
	file = {HTOED_Front_Matter_2009_-_Guide_to_the_Use_of_the_Thesaurus.pdf:C\:\\Users\\Sander\\AppData\\Roaming\\Zotero\\Zotero\\Profiles\\3x6x84zc.default\\zotero\\storage\\REWRKMMB\\HTOED_Front_Matter_2009_-_Guide_to_the_Use_of_the_Thesaurus.pdf:application/pdf;HTOED_Front_Matter_2009_-_Preface.pdf:C\:\\Users\\Sander\\AppData\\Roaming\\Zotero\\Zotero\\Profiles\\3x6x84zc.default\\zotero\\storage\\F645RUAI\\HTOED_Front_Matter_2009_-_Preface.pdf:application/pdf;HTOED_Front_Matter_2009_-_Randolph_Quirk_Foreword.pdf:C\:\\Users\\Sander\\AppData\\Roaming\\Zotero\\Zotero\\Profiles\\3x6x84zc.default\\zotero\\storage\\SWZQC6T5\\HTOED_Front_Matter_2009_-_Randolph_Quirk_Foreword.pdf:application/pdf;HTOED_Front_Matter_2009_-_Unlocking_the_OED.pdf:C\:\\Users\\Sander\\AppData\\Roaming\\Zotero\\Zotero\\Profiles\\3x6x84zc.default\\zotero\\storage\\ZP3623HJ\\HTOED_Front_Matter_2009_-_Unlocking_the_OED.pdf:application/pdf}
}

@article{gorlach_jane_1998,
	title = {Jane {Roberts} and {Christian} {Kay}, with {Lynne} {Grundy}. \textit{{A} {Thesaurus} of {Old} {English}}. 2 vols. {London}: {King}'s {College}, 1995, xxxxv + 1555 pp. £55.00 hb.},
	volume = {116},
	number = {3},
	journal = {Anglia - Zeitschrift für englische Philologie},
	author = {Görlach, Manfred},
	year = {1998},
	pages = {398--401},
	file = {Gorlach, M. Anglia-zeitschrift Fur Englische Philologie, 1998, Vol.116(3), pp.398-401.pdf:C\:\\Users\\Sander\\AppData\\Roaming\\Zotero\\Zotero\\Profiles\\3x6x84zc.default\\zotero\\storage\\X6Q97WHX\\Gorlach, M. Anglia-zeitschrift Fur Englische Philologie, 1998, Vol.116(3), pp.398-401.pdf:application/pdf}
}

@book{svensen_handbook_2009,
	address = {Cambridge},
	title = {A handbook of lexicography: {The} theory and practice of dictionary-making},
	isbn = {978-0-521-88180-7},
	shorttitle = {A handbook of lexicography},
	language = {en},
	publisher = {Cambridge University Press},
	author = {Svensén, Bo},
	year = {2009}
}

@incollection{kay_when_2004,
	address = {Amsterdam},
	series = {Amsterdam studies in the theory and history of linguistic science},
	title = {When ignorance is wisdom: {Some} day-to-day problems of classification},
	volume = {261},
	url = {http://books.google.com/books?hl=en&lr=&id=0Yw5AAAAQBAJ&oi=fnd&pg=PA41&dq=%22being+one+example.+In+this+paper+I+completely+disregard+alphabetical+thesauruses%22+%22in+1852.3+Roget+himself,+whose+primary+aim+was+practical,+made%22+%22projects+like+the+Oxford+English+Dictionary+or+the%22+&ots=8NdEeQ5xx6&sig=7fydzQn-9D2X_pOvpsRlXo6PNNo},
	language = {en},
	number = {4},
	urldate = {2016-10-25},
	booktitle = {Categorization in the history of {English}},
	publisher = {John Benjamins B.V.},
	author = {Kay, Christian J.},
	year = {2004},
	pages = {59--69},
	file = {Kay - When Ignorance is Wisdom.pdf:C\:\\Users\\Sander\\AppData\\Roaming\\Zotero\\Zotero\\Profiles\\3x6x84zc.default\\zotero\\storage\\5IKR33XX\\Kay - When Ignorance is Wisdom.pdf:application/pdf}
}

@book{hogg_cambridge_1992,
	address = {Cambridge},
	title = {The {Cambridge} {History} of the {English} {Language}},
	isbn = {978-1-139-05552-9},
	url = {http://universitypublishingonline.org/ref/id/histories/CBO9781139055529},
	urldate = {2016-10-25},
	publisher = {Cambridge University Press},
	editor = {Hogg, Richard M.},
	year = {1992},
	file = {Kastovsky - Semantics and Vocabulary.pdf:C\:\\Users\\Sander\\AppData\\Roaming\\Zotero\\Zotero\\Profiles\\3x6x84zc.default\\zotero\\storage\\WSRG53IN\\Kastovsky - Semantics and Vocabulary.pdf:application/pdf}
}


@book{ref-HTOED,
	address = {Oxford},
	title = {Historical thesaurus of the {Oxford} {English} {Dictionary}: with additional material from "{A} thesaurus of {Old} {English}"},
	isbn = {978-0-19-920899-9},
	shorttitle = {Historical thesaurus of the {Oxford} {English} {Dictionary}},
	language = {en},
	publisher = {Oxford University Press},
	editor = {Kay, Christian and Roberts, Jane and Samuels, Michael and Wotherspoon, Irené},
	year = {2009},
	keywords = {17.60 lexicology and lexicography, 18.04 English language, English language -- Dictionaries -- Synonyms and antonyms, English language -- Dictionaries -- Synonyms and antonyms -- History, Oxford English dictionary (anoniem), Thesauri (vorm)},
	file = {HTOED_Front_Matter_2009_-_Guide_to_the_Use_of_the_Thesaurus.pdf:C\:\\Users\\Sander\\AppData\\Roaming\\Zotero\\Zotero\\Profiles\\3x6x84zc.default\\zotero\\storage\\REWRKMMB\\HTOED_Front_Matter_2009_-_Guide_to_the_Use_of_the_Thesaurus.pdf:application/pdf;HTOED_Front_Matter_2009_-_Preface.pdf:C\:\\Users\\Sander\\AppData\\Roaming\\Zotero\\Zotero\\Profiles\\3x6x84zc.default\\zotero\\storage\\F645RUAI\\HTOED_Front_Matter_2009_-_Preface.pdf:application/pdf;HTOED_Front_Matter_2009_-_Randolph_Quirk_Foreword.pdf:C\:\\Users\\Sander\\AppData\\Roaming\\Zotero\\Zotero\\Profiles\\3x6x84zc.default\\zotero\\storage\\SWZQC6T5\\HTOED_Front_Matter_2009_-_Randolph_Quirk_Foreword.pdf:application/pdf;HTOED_Front_Matter_2009_-_Unlocking_the_OED.pdf:C\:\\Users\\Sander\\AppData\\Roaming\\Zotero\\Zotero\\Profiles\\3x6x84zc.default\\zotero\\storage\\ZP3623HJ\\HTOED_Front_Matter_2009_-_Unlocking_the_OED.pdf:application/pdf}
}

@book{ref-HTOED-Online,
	title = {Historical thesaurus of the {Oxford} {English} {Dictionary}},
	shorttitle = {Historical thesaurus of the {Oxford} {English} {Dictionary}},
	url = {http://oed.com/thesaurus},
	language = {en},
	editor = {Kay, Christian and Roberts, Jane and Samuels, Michael and Wotherspoon, Irené},
	year = {2010},
	publisher = {Oxford},
	keywords = {17.60 lexicology and lexicography, 18.04 English language, English language -- Dictionaries -- Synonyms and antonyms, English language -- Dictionaries -- Synonyms and antonyms -- History, Oxford English dictionary (anoniem), Thesauri (vorm)}
}

@book{ref-LSM,
    address = {Amsterdam},
    series = {Costerus New Series},
    publisher = {Rodopi},
    number = {118},
	title = {Love, Sex, and Marriage: A Historical Thesaurus},
	shorttitle = {Love, Sex, and Marriage},
	language = {en},
	editor = {Coleman, Julie},
	year = {1999},
    isbn = {090-420-0433-9},
	keywords = {17.60 lexicology and lexicography, 18.04 English language, English language -- Dictionaries -- Synonyms and antonyms, English language -- Dictionaries -- Synonyms and antonyms -- History, Oxford English dictionary (anoniem), Thesauri (vorm)}
}

@book{ref-ScT,
	address = {Aberdeen},
	title = {The {Scots} thesaurus},
	isbn = {0-08-036582-5},
	publisher = {Aberdeen University Press},
	editor = {Macleod, Iseabail and Cairns, Pauline and Macafee, Caroline and Martin, Ruth},
	year = {1990}
}

@book{ref-ShT,
	address = {Hildesheim},
	title = {A {Shakespeare} thesaurus},
    author = {Spevack, Marvin},
    language = {en},
	publisher = {Georg Olms AG},
	year = {1990}
}

@book{ref-Roget,
	address = {London},
	title = {Thesaurus of {English} Words and Phrases, Classified and Arranged so as to Facilitate the Expression of Ideas and Assist in Literary Composition},
    shorttitle = {Thesaurus of {English} Words and Phrases},
    author = {Roget, Peter Mark},
    language = {en},
    publisher = {Bloomsbury},
	year = {1852}
}

@book{ref-TOE,
  title={A Thesaurus of {Old} {English}: In Two Volumes},
  author={Roberts, J. and Kay, C. and Grundy, L.},
  isbn={9789042015630},
  year={2000},
  publisher={Rodopi}
}

@misc{ref-MHDBDB,
    title = {{Mittelhochdeutsche} {Begriffsdatenbank}},
    year = {1992-2018},
    url = {http://www.mhdbdb.sbg.ac.at/},
    author = {Zeppezauer-Wachauer, Katharina}
}

@misc{ref-LEMON,
	key = {LEMON},
    title = {Lexicon {Model} for {Ontologies}: Community report, 10 {May} 2016},
	shorttitle = {Lexicon {Model} for {Ontologies}},
	url = {http://www.w3.org/2016/05/ontolex/},
	language = {en},
	publisher = {W3C},
	editor = {Cimiano, Philipp and McCrae, John P. and Buitelaar, Paul},
	month = may,
	year = {2016}
}

@misc{ref-SKOS,
	key = {SKOS},
    title = {{SKOS} {Simple} {Knowledge} {Organization} {System} {Reference}: {W3C} recommendation 18 {August} 2009},
	shorttitle = {{SKOS} {Simple} {Knowledge} {Organization} {System} {Reference}},
	url = {http://www.w3.org/TR/skos-reference/},
	language = {en},
	publisher = {W3C},
	editor = {Miles, Alistair and Bechhofer, Sean},
	month = aug,
	year = {2009}
}

@misc{ref-XKOS,
    key = {XKOS},
	title = {{XKOS}: An SKOS extension for representing statistical classifications},
	shorttitle = {{XKOS}},
	url = {http://rdf-vocabulary.ddialliance.org/xkos},
	language = {en},
	editor = {Cotton, Franck},
	month = jan,
	year = {2017}
}

@misc{ref-TURTLE,
	title = {{RDF} 1.1 {Turtle}: {W3C} recommendation 25 {February} 2014},
	shorttitle = {{RDF} 1.1 {Turtle}},
	url = {http://www.w3.org/TR/turtle/},
	language = {en},
	publisher = {W3C},
	author = {Beckett, David and Berners-Lee, Tim and Prud'hommeaux, Eric and Carothers, Gavin},
	editor = {Prud'hommeaux, Eric and Carothers, Gavin},
	month = feb,
	year = {2014}
}

@inproceedings{stolk-2017,
	title = {OntoLex and Onomasiological Ordering: Supporting Topical Thesauri},
	author = {Stolk, Sander},
	year = {2017},
    month = {jun},
    day = {18},
	pages = {60--67},
	url = {http://ceur-ws.org/Vol-1899/OntoLex_2017_paper_3.pdf},  
    booktitle = {Proc. of the LDK workshops: OntoLex, TIAD and Challenges for Wordnets at 1st Language Data and Knowledge conference (LDK 2017), Galway, Ireland},
    issn = {1613-0073},
    posted-at = {2017-07-19 11:13:40},
    publisher = {CEUR-WS},
    volume = {1899}
}

@article{klimek2015enhancing,
  added-at = {2015-10-28T16:15:30.000+0100},
  author = {Klimek, Bettina and Brümmer, Martin},
  biburl = {https://www.bibsonomy.org/bibtex/2625a5fa22cc70cea361895fecc0a812d/martinbruemmer},
  editor = {Kernermann, Ilan},
  interhash = {91832c8e5c4b171b4dcda16a3127f487},
  intrahash = {625a5fa22cc70cea361895fecc0a812d},
  journal = {Kernerman DICTIONARY News},
  keywords = {LEMON LanguageResources Lexicography LiderEU LinkedData RDF},
  timestamp = {2015-10-28T16:15:30.000+0100},
  title = {Enhancing lexicography with semantic language databases},
  year = 2015
}

@inproceedings{citeulike:14024090,
    author = {Bosque-Gil, Julia and Gracia, Jorge and Montiel-Ponsoda, Elena and Aguado-de-Cea, Guadalupe},
    booktitle = {Proc. of GLOBALEX'16 workshop at LREC'15, Portoroz, Slovenia},
    citeulike-article-id = {14024090},
    citeulike-linkout-0 = {http://www.lrec-conf.org/proceedings/lrec2016/workshops/LREC2016Workshop-GLOBALEX\_Proceedings-v2.pdf},
    editor = {Kernerman, Ilan and Kosem, Iztok and Krek, Simon and Trap-Jensen, Lars},
    isbn = {978-2-9517408-9-1},
    keywords = {linguistic\_linked\_data, multilingualism, ontolex},
    month = may,
    posted-at = {2016-04-29 11:32:17},
    priority = {2},
    publisher = {European Language Resources Association},
    title = {Modelling Multilingual Lexicographic Resources for the Web of Data: the K Dictionaries case},
    url = {http://www.lrec-conf.org/proceedings/lrec2016/workshops/LREC2016Workshop-GLOBALEX\_Proceedings-v2.pdf},
    year = {2016}
}

@inproceedings{declerck-2015,
Title = {Towards a Pan European Lexicography by Means of Linked (Open) Data},
Author = {Thierry Declerck and Eveline Wand-Vogt and Karlheinz Mörth},
Editor = {Iztok Kosem and Milo¨ Jakubíček and Jelena Kallas and Simon Krek},
BookTitle = {Proceedings of eLex 2015},
Month = {8},
Year = {2015},
Publisher = {Trojina, Institute for Applied Slovene Studies},
Organization = {Trojina, Institute for Applied Slovene Studies/Lexical Computing Ltd.},
Address = {Ljubljana/Brighton}
}

@inproceedings{citeulike:14396375,
    author = {Bosque-Gil, Julia and Gracia, Jorge and Montiel-Ponsoda, Elena},
    booktitle = {Proc. of the LDK workshops: OntoLex, TIAD and Challenges for Wordnets at 1st Language Data and Knowledge conference (LDK 2017), Galway, Ireland},
    citeulike-article-id = {14396375},
    citeulike-linkout-0 = {http://ceur-ws.org/Vol-1899/OntoLex\_2017\_paper\_5.pdf},
    issn = {1613-0073},
    keywords = {lemon, lexicography, linguistic\_linked\_data, llod, ontolex},
    month = jun,
    pages = {74--84},
    posted-at = {2017-07-19 11:13:40},
    priority = {2},
    publisher = {CEUR-WS},
    title = {Towards a Module for Lexicography in {OntoLex}},
    url = {http://ceur-ws.org/Vol-1899/OntoLex\_2017\_paper\_5.pdf},
    volume = {1899},
    year = {2017}
}

@inproceedings{DBLP:conf/esws/KhanDM16,
  author    = {Anas Fahad Khan and
               Javier E. D{\'{\i}}az{-}Vera and
               Monica Monachini},
  editor    = {Isabelle Draelants and
               Catherine Faron{-}Zucker and
               Alexandre Monnin and
               Arnaud Zucker},
  title     = {Representing Polysemy and Diachronic Lexico-Semantic Data on the Semantic
               Web ?},
  booktitle = {Proceedings of the Second International Workshop on Semantic Web for Scientific Heritage co-located with 13th Extended Semantic Web Conference
               {(ESWC} 2016), Heraklion, Greece, May 30th, 2016},
  series    = {{CEUR} Workshop Proceedings},
  volume    = {1595},
  pages     = {37--46},
  publisher = {CEUR-WS.org},
  year      = {2016},
  url       = {http://ceur-ws.org/Vol-1595/paper4.pdf},
  timestamp = {Mon, 21 Jun 2021 01:00:00 +0200},
  biburl    = {https://dblp.org/rec/conf/esws/KhanDM16.bib},
  bibsource = {dblp computer science bibliography, https://dblp.org}
}